@Online{mosfet,
  title  = {FDB38N30U},
  url    = {https://www.onsemi.com/pub/Collateral/FDB38N30U-D.pdf},
  Year = {2019},
  urldate={2019-09-18},
}
@Online{diode,
  title  = {High Voltage Trench MOS Barrier Schottky Rectifier},
  url    = {http://www.vishay.com/docs/96185/vs-mur1520-m3.pdf},
  Year = {2019},
  urldate={2019-09-18},
}
@book{test,
  title = {Power Electronics},
  publisher = {McGraw Hill},
  year = {2010},
  author = {Hart, Daniel},
  address = {New York, NY}
}